%YAML 1.1
%TAG !u! tag:unity3d.com,2011:
--- !u!29 &1
OcclusionCullingSettings:
  m_ObjectHideFlags: 0
  serializedVersion: 2
  m_OcclusionBakeSettings:
    smallestOccluder: 5
    smallestHole: 0.25
    backfaceThreshold: 100
  m_SceneGUID: 00000000000000000000000000000000
  m_OcclusionCullingData: {fileID: 0}
--- !u!104 &2
RenderSettings:
  m_ObjectHideFlags: 0
  serializedVersion: 8
  m_Fog: 0
  m_FogColor: {r: 0.5, g: 0.5, b: 0.5, a: 1}
  m_FogMode: 3
  m_FogDensity: 0.01
  m_LinearFogStart: 0
  m_LinearFogEnd: 300
  m_AmbientSkyColor: {r: 0.212, g: 0.227, b: 0.259, a: 1}
  m_AmbientEquatorColor: {r: 0.114, g: 0.125, b: 0.133, a: 1}
  m_AmbientGroundColor: {r: 0.047, g: 0.043, b: 0.035, a: 1}
  m_AmbientIntensity: 1
  m_AmbientMode: 3
  m_SubtractiveShadowColor: {r: 0.42, g: 0.478, b: 0.627, a: 1}
  m_SkyboxMaterial: {fileID: 0}
  m_HaloStrength: 0.5
  m_FlareStrength: 1
  m_FlareFadeSpeed: 3
  m_HaloTexture: {fileID: 0}
  m_SpotCookie: {fileID: 10001, guid: 0000000000000000e000000000000000, type: 0}
  m_DefaultReflectionMode: 0
  m_DefaultReflectionResolution: 128
  m_ReflectionBounces: 1
  m_ReflectionIntensity: 1
  m_CustomReflection: {fileID: 0}
  m_Sun: {fileID: 0}
  m_IndirectSpecularColor: {r: 0, g: 0, b: 0, a: 1}
--- !u!157 &3
LightmapSettings:
  m_ObjectHideFlags: 0
  serializedVersion: 11
  m_GIWorkflowMode: 1
  m_GISettings:
    serializedVersion: 2
    m_BounceScale: 1
    m_IndirectOutputScale: 1
    m_AlbedoBoost: 1
    m_TemporalCoherenceThreshold: 1
    m_EnvironmentLightingMode: 0
    m_EnableBakedLightmaps: 0
    m_EnableRealtimeLightmaps: 0
  m_LightmapEditorSettings:
    serializedVersion: 9
    m_Resolution: 2
    m_BakeResolution: 40
    m_TextureWidth: 1024
    m_TextureHeight: 1024
    m_AO: 0
    m_AOMaxDistance: 1
    m_CompAOExponent: 1
    m_CompAOExponentDirect: 0
    m_Padding: 2
    m_LightmapParameters: {fileID: 0}
    m_LightmapsBakeMode: 1
    m_TextureCompression: 1
    m_FinalGather: 0
    m_FinalGatherFiltering: 1
    m_FinalGatherRayCount: 256
    m_ReflectionCompression: 2
    m_MixedBakeMode: 1
    m_BakeBackend: 0
    m_PVRSampling: 1
    m_PVRDirectSampleCount: 32
    m_PVRSampleCount: 500
    m_PVRBounces: 2
    m_PVRFilterTypeDirect: 0
    m_PVRFilterTypeIndirect: 0
    m_PVRFilterTypeAO: 0
    m_PVRFilteringMode: 0
    m_PVRCulling: 1
    m_PVRFilteringGaussRadiusDirect: 1
    m_PVRFilteringGaussRadiusIndirect: 5
    m_PVRFilteringGaussRadiusAO: 2
    m_PVRFilteringAtrousPositionSigmaDirect: 0.5
    m_PVRFilteringAtrousPositionSigmaIndirect: 2
    m_PVRFilteringAtrousPositionSigmaAO: 1
  m_LightingDataAsset: {fileID: 0}
  m_UseShadowmask: 0
--- !u!196 &4
NavMeshSettings:
  serializedVersion: 2
  m_ObjectHideFlags: 0
  m_BuildSettings:
    serializedVersion: 2
    agentTypeID: 0
    agentRadius: 0.5
    agentHeight: 2
    agentSlope: 45
    agentClimb: 0.4
    ledgeDropHeight: 0
    maxJumpAcrossDistance: 0
    minRegionArea: 2
    manualCellSize: 0
    cellSize: 0.16666667
    manualTileSize: 0
    tileSize: 256
    accuratePlacement: 0
    debug:
      m_Flags: 0
  m_NavMeshData: {fileID: 0}
--- !u!1001 &6093370
Prefab:
  m_ObjectHideFlags: 0
  serializedVersion: 2
  m_Modification:
    m_TransformParent: {fileID: 0}
    m_Modifications:
    - target: {fileID: 4346434421926260, guid: e201a1273172e3b4ab7c16bbae8b2282, type: 2}
      propertyPath: m_LocalPosition.x
      value: 757.7616
      objectReference: {fileID: 0}
    - target: {fileID: 4346434421926260, guid: e201a1273172e3b4ab7c16bbae8b2282, type: 2}
      propertyPath: m_LocalPosition.y
      value: -10.068332
      objectReference: {fileID: 0}
    - target: {fileID: 4346434421926260, guid: e201a1273172e3b4ab7c16bbae8b2282, type: 2}
      propertyPath: m_LocalPosition.z
      value: 0
      objectReference: {fileID: 0}
    - target: {fileID: 4346434421926260, guid: e201a1273172e3b4ab7c16bbae8b2282, type: 2}
      propertyPath: m_LocalRotation.x
      value: 0
      objectReference: {fileID: 0}
    - target: {fileID: 4346434421926260, guid: e201a1273172e3b4ab7c16bbae8b2282, type: 2}
      propertyPath: m_LocalRotation.y
      value: 0
      objectReference: {fileID: 0}
    - target: {fileID: 4346434421926260, guid: e201a1273172e3b4ab7c16bbae8b2282, type: 2}
      propertyPath: m_LocalRotation.z
      value: 0
      objectReference: {fileID: 0}
    - target: {fileID: 4346434421926260, guid: e201a1273172e3b4ab7c16bbae8b2282, type: 2}
      propertyPath: m_LocalRotation.w
      value: 1
      objectReference: {fileID: 0}
    - target: {fileID: 4346434421926260, guid: e201a1273172e3b4ab7c16bbae8b2282, type: 2}
      propertyPath: m_RootOrder
      value: 14
      objectReference: {fileID: 0}
    - target: {fileID: 1763561876733278, guid: e201a1273172e3b4ab7c16bbae8b2282, type: 2}
      propertyPath: m_Name
      value: block (6)
      objectReference: {fileID: 0}
    m_RemovedComponents: []
  m_ParentPrefab: {fileID: 100100000, guid: e201a1273172e3b4ab7c16bbae8b2282, type: 2}
  m_IsPrefabParent: 0
--- !u!1001 &123887988
Prefab:
  m_ObjectHideFlags: 0
  serializedVersion: 2
  m_Modification:
    m_TransformParent: {fileID: 0}
    m_Modifications:
    - target: {fileID: 4346434421926260, guid: e201a1273172e3b4ab7c16bbae8b2282, type: 2}
      propertyPath: m_LocalPosition.x
      value: 660.8
      objectReference: {fileID: 0}
    - target: {fileID: 4346434421926260, guid: e201a1273172e3b4ab7c16bbae8b2282, type: 2}
      propertyPath: m_LocalPosition.y
      value: -142.9
      objectReference: {fileID: 0}
    - target: {fileID: 4346434421926260, guid: e201a1273172e3b4ab7c16bbae8b2282, type: 2}
      propertyPath: m_LocalPosition.z
      value: 0
      objectReference: {fileID: 0}
    - target: {fileID: 4346434421926260, guid: e201a1273172e3b4ab7c16bbae8b2282, type: 2}
      propertyPath: m_LocalRotation.x
      value: 0
      objectReference: {fileID: 0}
    - target: {fileID: 4346434421926260, guid: e201a1273172e3b4ab7c16bbae8b2282, type: 2}
      propertyPath: m_LocalRotation.y
      value: 0
      objectReference: {fileID: 0}
    - target: {fileID: 4346434421926260, guid: e201a1273172e3b4ab7c16bbae8b2282, type: 2}
      propertyPath: m_LocalRotation.z
      value: 0
      objectReference: {fileID: 0}
    - target: {fileID: 4346434421926260, guid: e201a1273172e3b4ab7c16bbae8b2282, type: 2}
      propertyPath: m_LocalRotation.w
      value: 1
      objectReference: {fileID: 0}
    - target: {fileID: 4346434421926260, guid: e201a1273172e3b4ab7c16bbae8b2282, type: 2}
      propertyPath: m_RootOrder
      value: 19
      objectReference: {fileID: 0}
    - target: {fileID: 1763561876733278, guid: e201a1273172e3b4ab7c16bbae8b2282, type: 2}
      propertyPath: m_Name
      value: block (1)
      objectReference: {fileID: 0}
    m_RemovedComponents: []
  m_ParentPrefab: {fileID: 100100000, guid: e201a1273172e3b4ab7c16bbae8b2282, type: 2}
  m_IsPrefabParent: 0
--- !u!1001 &210788614
Prefab:
  m_ObjectHideFlags: 0
  serializedVersion: 2
  m_Modification:
    m_TransformParent: {fileID: 0}
    m_Modifications:
    - target: {fileID: 4690733724779158, guid: 32213a61ac4053345a7ad85f14742141, type: 2}
      propertyPath: m_LocalPosition.x
      value: 957.65466
      objectReference: {fileID: 0}
    - target: {fileID: 4690733724779158, guid: 32213a61ac4053345a7ad85f14742141, type: 2}
      propertyPath: m_LocalPosition.y
      value: 160.03021
      objectReference: {fileID: 0}
    - target: {fileID: 4690733724779158, guid: 32213a61ac4053345a7ad85f14742141, type: 2}
      propertyPath: m_LocalPosition.z
      value: 0
      objectReference: {fileID: 0}
    - target: {fileID: 4690733724779158, guid: 32213a61ac4053345a7ad85f14742141, type: 2}
      propertyPath: m_LocalRotation.x
      value: 0
      objectReference: {fileID: 0}
    - target: {fileID: 4690733724779158, guid: 32213a61ac4053345a7ad85f14742141, type: 2}
      propertyPath: m_LocalRotation.y
      value: 0
      objectReference: {fileID: 0}
    - target: {fileID: 4690733724779158, guid: 32213a61ac4053345a7ad85f14742141, type: 2}
      propertyPath: m_LocalRotation.z
      value: 0
      objectReference: {fileID: 0}
    - target: {fileID: 4690733724779158, guid: 32213a61ac4053345a7ad85f14742141, type: 2}
      propertyPath: m_LocalRotation.w
      value: 1
      objectReference: {fileID: 0}
    - target: {fileID: 4690733724779158, guid: 32213a61ac4053345a7ad85f14742141, type: 2}
      propertyPath: m_RootOrder
      value: 3
      objectReference: {fileID: 0}
    - target: {fileID: 1272354928147576, guid: 32213a61ac4053345a7ad85f14742141, type: 2}
      propertyPath: m_Name
      value: insect-1 (8)
      objectReference: {fileID: 0}
    m_RemovedComponents: []
  m_ParentPrefab: {fileID: 100100000, guid: 32213a61ac4053345a7ad85f14742141, type: 2}
  m_IsPrefabParent: 0
--- !u!1001 &257905649
Prefab:
  m_ObjectHideFlags: 0
  serializedVersion: 2
  m_Modification:
    m_TransformParent: {fileID: 0}
    m_Modifications:
    - target: {fileID: 4690733724779158, guid: 32213a61ac4053345a7ad85f14742141, type: 2}
      propertyPath: m_LocalPosition.x
      value: 746.63336
      objectReference: {fileID: 0}
    - target: {fileID: 4690733724779158, guid: 32213a61ac4053345a7ad85f14742141, type: 2}
      propertyPath: m_LocalPosition.y
      value: 123.54221
      objectReference: {fileID: 0}
    - target: {fileID: 4690733724779158, guid: 32213a61ac4053345a7ad85f14742141, type: 2}
      propertyPath: m_LocalPosition.z
      value: 0
      objectReference: {fileID: 0}
    - target: {fileID: 4690733724779158, guid: 32213a61ac4053345a7ad85f14742141, type: 2}
      propertyPath: m_LocalRotation.x
      value: 0
      objectReference: {fileID: 0}
    - target: {fileID: 4690733724779158, guid: 32213a61ac4053345a7ad85f14742141, type: 2}
      propertyPath: m_LocalRotation.y
      value: 0
      objectReference: {fileID: 0}
    - target: {fileID: 4690733724779158, guid: 32213a61ac4053345a7ad85f14742141, type: 2}
      propertyPath: m_LocalRotation.z
      value: 0
      objectReference: {fileID: 0}
    - target: {fileID: 4690733724779158, guid: 32213a61ac4053345a7ad85f14742141, type: 2}
      propertyPath: m_LocalRotation.w
      value: 1
      objectReference: {fileID: 0}
    - target: {fileID: 4690733724779158, guid: 32213a61ac4053345a7ad85f14742141, type: 2}
      propertyPath: m_RootOrder
      value: 5
      objectReference: {fileID: 0}
    - target: {fileID: 1272354928147576, guid: 32213a61ac4053345a7ad85f14742141, type: 2}
      propertyPath: m_Name
      value: insect-1 (6)
      objectReference: {fileID: 0}
    m_RemovedComponents: []
  m_ParentPrefab: {fileID: 100100000, guid: 32213a61ac4053345a7ad85f14742141, type: 2}
  m_IsPrefabParent: 0
--- !u!1001 &296567934
Prefab:
  m_ObjectHideFlags: 0
  serializedVersion: 2
  m_Modification:
    m_TransformParent: {fileID: 0}
    m_Modifications:
    - target: {fileID: 4690733724779158, guid: 32213a61ac4053345a7ad85f14742141, type: 2}
      propertyPath: m_LocalPosition.x
      value: 580.3
      objectReference: {fileID: 0}
    - target: {fileID: 4690733724779158, guid: 32213a61ac4053345a7ad85f14742141, type: 2}
      propertyPath: m_LocalPosition.y
      value: 116.6
      objectReference: {fileID: 0}
    - target: {fileID: 4690733724779158, guid: 32213a61ac4053345a7ad85f14742141, type: 2}
      propertyPath: m_LocalPosition.z
      value: 0
      objectReference: {fileID: 0}
    - target: {fileID: 4690733724779158, guid: 32213a61ac4053345a7ad85f14742141, type: 2}
      propertyPath: m_LocalRotation.x
      value: 0
      objectReference: {fileID: 0}
    - target: {fileID: 4690733724779158, guid: 32213a61ac4053345a7ad85f14742141, type: 2}
      propertyPath: m_LocalRotation.y
      value: 0
      objectReference: {fileID: 0}
    - target: {fileID: 4690733724779158, guid: 32213a61ac4053345a7ad85f14742141, type: 2}
      propertyPath: m_LocalRotation.z
      value: 0
      objectReference: {fileID: 0}
    - target: {fileID: 4690733724779158, guid: 32213a61ac4053345a7ad85f14742141, type: 2}
      propertyPath: m_LocalRotation.w
      value: 1
      objectReference: {fileID: 0}
    - target: {fileID: 4690733724779158, guid: 32213a61ac4053345a7ad85f14742141, type: 2}
      propertyPath: m_RootOrder
      value: 7
      objectReference: {fileID: 0}
    - target: {fileID: 1272354928147576, guid: 32213a61ac4053345a7ad85f14742141, type: 2}
      propertyPath: m_Name
      value: insect-1 (4)
      objectReference: {fileID: 0}
    - target: {fileID: 4690733724779158, guid: 32213a61ac4053345a7ad85f14742141, type: 2}
      propertyPath: m_LocalScale.x
      value: -2
      objectReference: {fileID: 0}
    m_RemovedComponents: []
  m_ParentPrefab: {fileID: 100100000, guid: 32213a61ac4053345a7ad85f14742141, type: 2}
  m_IsPrefabParent: 0
--- !u!1001 &363703791
Prefab:
  m_ObjectHideFlags: 0
  serializedVersion: 2
  m_Modification:
    m_TransformParent: {fileID: 0}
    m_Modifications:
    - target: {fileID: 4690733724779158, guid: 32213a61ac4053345a7ad85f14742141, type: 2}
      propertyPath: m_LocalPosition.x
      value: 695.6614
      objectReference: {fileID: 0}
    - target: {fileID: 4690733724779158, guid: 32213a61ac4053345a7ad85f14742141, type: 2}
      propertyPath: m_LocalPosition.y
      value: -36.959217
      objectReference: {fileID: 0}
    - target: {fileID: 4690733724779158, guid: 32213a61ac4053345a7ad85f14742141, type: 2}
      propertyPath: m_LocalPosition.z
      value: 0
      objectReference: {fileID: 0}
    - target: {fileID: 4690733724779158, guid: 32213a61ac4053345a7ad85f14742141, type: 2}
      propertyPath: m_LocalRotation.x
      value: 0
      objectReference: {fileID: 0}
    - target: {fileID: 4690733724779158, guid: 32213a61ac4053345a7ad85f14742141, type: 2}
      propertyPath: m_LocalRotation.y
      value: 0
      objectReference: {fileID: 0}
    - target: {fileID: 4690733724779158, guid: 32213a61ac4053345a7ad85f14742141, type: 2}
      propertyPath: m_LocalRotation.z
      value: 0
      objectReference: {fileID: 0}
    - target: {fileID: 4690733724779158, guid: 32213a61ac4053345a7ad85f14742141, type: 2}
      propertyPath: m_LocalRotation.w
      value: 1
      objectReference: {fileID: 0}
    - target: {fileID: 4690733724779158, guid: 32213a61ac4053345a7ad85f14742141, type: 2}
      propertyPath: m_RootOrder
      value: 8
      objectReference: {fileID: 0}
    - target: {fileID: 1272354928147576, guid: 32213a61ac4053345a7ad85f14742141, type: 2}
      propertyPath: m_Name
      value: insect-1 (3)
      objectReference: {fileID: 0}
    m_RemovedComponents: []
  m_ParentPrefab: {fileID: 100100000, guid: 32213a61ac4053345a7ad85f14742141, type: 2}
  m_IsPrefabParent: 0
--- !u!1001 &406450452
Prefab:
  m_ObjectHideFlags: 0
  serializedVersion: 2
  m_Modification:
    m_TransformParent: {fileID: 0}
    m_Modifications:
    - target: {fileID: 4346434421926260, guid: e201a1273172e3b4ab7c16bbae8b2282, type: 2}
      propertyPath: m_LocalPosition.x
      value: 570.26215
      objectReference: {fileID: 0}
    - target: {fileID: 4346434421926260, guid: e201a1273172e3b4ab7c16bbae8b2282, type: 2}
      propertyPath: m_LocalPosition.y
      value: -103.22279
      objectReference: {fileID: 0}
    - target: {fileID: 4346434421926260, guid: e201a1273172e3b4ab7c16bbae8b2282, type: 2}
      propertyPath: m_LocalPosition.z
      value: 0
      objectReference: {fileID: 0}
    - target: {fileID: 4346434421926260, guid: e201a1273172e3b4ab7c16bbae8b2282, type: 2}
      propertyPath: m_LocalRotation.x
      value: 0
      objectReference: {fileID: 0}
    - target: {fileID: 4346434421926260, guid: e201a1273172e3b4ab7c16bbae8b2282, type: 2}
      propertyPath: m_LocalRotation.y
      value: 0
      objectReference: {fileID: 0}
    - target: {fileID: 4346434421926260, guid: e201a1273172e3b4ab7c16bbae8b2282, type: 2}
      propertyPath: m_LocalRotation.z
      value: 0
      objectReference: {fileID: 0}
    - target: {fileID: 4346434421926260, guid: e201a1273172e3b4ab7c16bbae8b2282, type: 2}
      propertyPath: m_LocalRotation.w
      value: 1
      objectReference: {fileID: 0}
    - target: {fileID: 4346434421926260, guid: e201a1273172e3b4ab7c16bbae8b2282, type: 2}
      propertyPath: m_RootOrder
      value: 17
      objectReference: {fileID: 0}
    - target: {fileID: 1763561876733278, guid: e201a1273172e3b4ab7c16bbae8b2282, type: 2}
      propertyPath: m_Name
      value: block (3)
      objectReference: {fileID: 0}
    m_RemovedComponents: []
  m_ParentPrefab: {fileID: 100100000, guid: e201a1273172e3b4ab7c16bbae8b2282, type: 2}
  m_IsPrefabParent: 0
--- !u!1001 &425084944
Prefab:
  m_ObjectHideFlags: 0
  serializedVersion: 2
  m_Modification:
    m_TransformParent: {fileID: 0}
    m_Modifications:
    - target: {fileID: 4690733724779158, guid: 32213a61ac4053345a7ad85f14742141, type: 2}
      propertyPath: m_LocalPosition.x
      value: 624.2
      objectReference: {fileID: 0}
    - target: {fileID: 4690733724779158, guid: 32213a61ac4053345a7ad85f14742141, type: 2}
      propertyPath: m_LocalPosition.y
      value: -36.6
      objectReference: {fileID: 0}
    - target: {fileID: 4690733724779158, guid: 32213a61ac4053345a7ad85f14742141, type: 2}
      propertyPath: m_LocalPosition.z
      value: 0
      objectReference: {fileID: 0}
    - target: {fileID: 4690733724779158, guid: 32213a61ac4053345a7ad85f14742141, type: 2}
      propertyPath: m_LocalRotation.x
      value: 0
      objectReference: {fileID: 0}
    - target: {fileID: 4690733724779158, guid: 32213a61ac4053345a7ad85f14742141, type: 2}
      propertyPath: m_LocalRotation.y
      value: 0
      objectReference: {fileID: 0}
    - target: {fileID: 4690733724779158, guid: 32213a61ac4053345a7ad85f14742141, type: 2}
      propertyPath: m_LocalRotation.z
      value: 0
      objectReference: {fileID: 0}
    - target: {fileID: 4690733724779158, guid: 32213a61ac4053345a7ad85f14742141, type: 2}
      propertyPath: m_LocalRotation.w
      value: 1
      objectReference: {fileID: 0}
    - target: {fileID: 4690733724779158, guid: 32213a61ac4053345a7ad85f14742141, type: 2}
      propertyPath: m_RootOrder
      value: 9
      objectReference: {fileID: 0}
    - target: {fileID: 1272354928147576, guid: 32213a61ac4053345a7ad85f14742141, type: 2}
      propertyPath: m_Name
      value: insect-1 (2)
      objectReference: {fileID: 0}
    m_RemovedComponents: []
  m_ParentPrefab: {fileID: 100100000, guid: 32213a61ac4053345a7ad85f14742141, type: 2}
  m_IsPrefabParent: 0
--- !u!1001 &610441637
Prefab:
  m_ObjectHideFlags: 0
  serializedVersion: 2
  m_Modification:
    m_TransformParent: {fileID: 0}
    m_Modifications:
    - target: {fileID: 4690733724779158, guid: 32213a61ac4053345a7ad85f14742141, type: 2}
      propertyPath: m_LocalPosition.x
      value: 480.87976
      objectReference: {fileID: 0}
    - target: {fileID: 4690733724779158, guid: 32213a61ac4053345a7ad85f14742141, type: 2}
      propertyPath: m_LocalPosition.y
      value: 115.33242
      objectReference: {fileID: 0}
    - target: {fileID: 4690733724779158, guid: 32213a61ac4053345a7ad85f14742141, type: 2}
      propertyPath: m_LocalPosition.z
      value: 0
      objectReference: {fileID: 0}
    - target: {fileID: 4690733724779158, guid: 32213a61ac4053345a7ad85f14742141, type: 2}
      propertyPath: m_LocalRotation.x
      value: 0
      objectReference: {fileID: 0}
    - target: {fileID: 4690733724779158, guid: 32213a61ac4053345a7ad85f14742141, type: 2}
      propertyPath: m_LocalRotation.y
      value: 0
      objectReference: {fileID: 0}
    - target: {fileID: 4690733724779158, guid: 32213a61ac4053345a7ad85f14742141, type: 2}
      propertyPath: m_LocalRotation.z
      value: 0
      objectReference: {fileID: 0}
    - target: {fileID: 4690733724779158, guid: 32213a61ac4053345a7ad85f14742141, type: 2}
      propertyPath: m_LocalRotation.w
      value: 1
      objectReference: {fileID: 0}
    - target: {fileID: 4690733724779158, guid: 32213a61ac4053345a7ad85f14742141, type: 2}
      propertyPath: m_RootOrder
      value: 6
      objectReference: {fileID: 0}
    - target: {fileID: 1272354928147576, guid: 32213a61ac4053345a7ad85f14742141, type: 2}
      propertyPath: m_Name
      value: insect-1 (5)
      objectReference: {fileID: 0}
    - target: {fileID: 4690733724779158, guid: 32213a61ac4053345a7ad85f14742141, type: 2}
      propertyPath: m_LocalScale.x
      value: -2
      objectReference: {fileID: 0}
    m_RemovedComponents: []
  m_ParentPrefab: {fileID: 100100000, guid: 32213a61ac4053345a7ad85f14742141, type: 2}
  m_IsPrefabParent: 0
--- !u!1001 &782634317
Prefab:
  m_ObjectHideFlags: 0
  serializedVersion: 2
  m_Modification:
    m_TransformParent: {fileID: 0}
    m_Modifications:
    - target: {fileID: 4346434421926260, guid: e201a1273172e3b4ab7c16bbae8b2282, type: 2}
      propertyPath: m_LocalPosition.x
      value: 655.3
      objectReference: {fileID: 0}
    - target: {fileID: 4346434421926260, guid: e201a1273172e3b4ab7c16bbae8b2282, type: 2}
      propertyPath: m_LocalPosition.y
      value: -41.9
      objectReference: {fileID: 0}
    - target: {fileID: 4346434421926260, guid: e201a1273172e3b4ab7c16bbae8b2282, type: 2}
      propertyPath: m_LocalPosition.z
      value: 0
      objectReference: {fileID: 0}
    - target: {fileID: 4346434421926260, guid: e201a1273172e3b4ab7c16bbae8b2282, type: 2}
      propertyPath: m_LocalRotation.x
      value: 0
      objectReference: {fileID: 0}
    - target: {fileID: 4346434421926260, guid: e201a1273172e3b4ab7c16bbae8b2282, type: 2}
      propertyPath: m_LocalRotation.y
      value: 0
      objectReference: {fileID: 0}
    - target: {fileID: 4346434421926260, guid: e201a1273172e3b4ab7c16bbae8b2282, type: 2}
      propertyPath: m_LocalRotation.z
      value: 0
      objectReference: {fileID: 0}
    - target: {fileID: 4346434421926260, guid: e201a1273172e3b4ab7c16bbae8b2282, type: 2}
      propertyPath: m_LocalRotation.w
      value: 1
      objectReference: {fileID: 0}
    - target: {fileID: 4346434421926260, guid: e201a1273172e3b4ab7c16bbae8b2282, type: 2}
      propertyPath: m_RootOrder
      value: 11
      objectReference: {fileID: 0}
    - target: {fileID: 1763561876733278, guid: e201a1273172e3b4ab7c16bbae8b2282, type: 2}
      propertyPath: m_Name
      value: block (9)
      objectReference: {fileID: 0}
    m_RemovedComponents: []
  m_ParentPrefab: {fileID: 100100000, guid: e201a1273172e3b4ab7c16bbae8b2282, type: 2}
  m_IsPrefabParent: 0
--- !u!1001 &848362827
Prefab:
  m_ObjectHideFlags: 0
  serializedVersion: 2
  m_Modification:
    m_TransformParent: {fileID: 0}
    m_Modifications:
    - target: {fileID: 4690733724779158, guid: 32213a61ac4053345a7ad85f14742141, type: 2}
      propertyPath: m_LocalPosition.x
      value: 589
      objectReference: {fileID: 0}
    - target: {fileID: 4690733724779158, guid: 32213a61ac4053345a7ad85f14742141, type: 2}
      propertyPath: m_LocalPosition.y
      value: -112.2
      objectReference: {fileID: 0}
    - target: {fileID: 4690733724779158, guid: 32213a61ac4053345a7ad85f14742141, type: 2}
      propertyPath: m_LocalPosition.z
      value: 0
      objectReference: {fileID: 0}
    - target: {fileID: 4690733724779158, guid: 32213a61ac4053345a7ad85f14742141, type: 2}
      propertyPath: m_LocalRotation.x
      value: 0
      objectReference: {fileID: 0}
    - target: {fileID: 4690733724779158, guid: 32213a61ac4053345a7ad85f14742141, type: 2}
      propertyPath: m_LocalRotation.y
      value: 0
      objectReference: {fileID: 0}
    - target: {fileID: 4690733724779158, guid: 32213a61ac4053345a7ad85f14742141, type: 2}
      propertyPath: m_LocalRotation.z
      value: 0
      objectReference: {fileID: 0}
    - target: {fileID: 4690733724779158, guid: 32213a61ac4053345a7ad85f14742141, type: 2}
      propertyPath: m_LocalRotation.w
      value: 1
      objectReference: {fileID: 0}
    - target: {fileID: 4690733724779158, guid: 32213a61ac4053345a7ad85f14742141, type: 2}
      propertyPath: m_RootOrder
      value: 10
      objectReference: {fileID: 0}
    - target: {fileID: 1272354928147576, guid: 32213a61ac4053345a7ad85f14742141, type: 2}
      propertyPath: m_Name
      value: insect-1 (1)
      objectReference: {fileID: 0}
    m_RemovedComponents: []
  m_ParentPrefab: {fileID: 100100000, guid: 32213a61ac4053345a7ad85f14742141, type: 2}
  m_IsPrefabParent: 0
--- !u!1001 &1016036992
Prefab:
  m_ObjectHideFlags: 0
  serializedVersion: 2
  m_Modification:
    m_TransformParent: {fileID: 0}
    m_Modifications:
    - target: {fileID: 4690733724779158, guid: 32213a61ac4053345a7ad85f14742141, type: 2}
      propertyPath: m_LocalPosition.x
      value: 1147.0875
      objectReference: {fileID: 0}
    - target: {fileID: 4690733724779158, guid: 32213a61ac4053345a7ad85f14742141, type: 2}
      propertyPath: m_LocalPosition.y
      value: 159.72618
      objectReference: {fileID: 0}
    - target: {fileID: 4690733724779158, guid: 32213a61ac4053345a7ad85f14742141, type: 2}
      propertyPath: m_LocalPosition.z
      value: 0
      objectReference: {fileID: 0}
    - target: {fileID: 4690733724779158, guid: 32213a61ac4053345a7ad85f14742141, type: 2}
      propertyPath: m_LocalRotation.x
      value: 0
      objectReference: {fileID: 0}
    - target: {fileID: 4690733724779158, guid: 32213a61ac4053345a7ad85f14742141, type: 2}
      propertyPath: m_LocalRotation.y
      value: 0
      objectReference: {fileID: 0}
    - target: {fileID: 4690733724779158, guid: 32213a61ac4053345a7ad85f14742141, type: 2}
      propertyPath: m_LocalRotation.z
      value: 0
      objectReference: {fileID: 0}
    - target: {fileID: 4690733724779158, guid: 32213a61ac4053345a7ad85f14742141, type: 2}
      propertyPath: m_LocalRotation.w
      value: 1
      objectReference: {fileID: 0}
    - target: {fileID: 4690733724779158, guid: 32213a61ac4053345a7ad85f14742141, type: 2}
      propertyPath: m_RootOrder
      value: 2
      objectReference: {fileID: 0}
    - target: {fileID: 1272354928147576, guid: 32213a61ac4053345a7ad85f14742141, type: 2}
      propertyPath: m_Name
      value: insect-1 (9)
      objectReference: {fileID: 0}
    m_RemovedComponents: []
  m_ParentPrefab: {fileID: 100100000, guid: 32213a61ac4053345a7ad85f14742141, type: 2}
  m_IsPrefabParent: 0
--- !u!1001 &1228567099
Prefab:
  m_ObjectHideFlags: 0
  serializedVersion: 2
  m_Modification:
    m_TransformParent: {fileID: 0}
    m_Modifications:
    - target: {fileID: 4690733724779158, guid: 32213a61ac4053345a7ad85f14742141, type: 2}
      propertyPath: m_LocalPosition.x
      value: 1208.509
      objectReference: {fileID: 0}
    - target: {fileID: 4690733724779158, guid: 32213a61ac4053345a7ad85f14742141, type: 2}
      propertyPath: m_LocalPosition.y
      value: 166.71973
      objectReference: {fileID: 0}
    - target: {fileID: 4690733724779158, guid: 32213a61ac4053345a7ad85f14742141, type: 2}
      propertyPath: m_LocalPosition.z
      value: 0
      objectReference: {fileID: 0}
    - target: {fileID: 4690733724779158, guid: 32213a61ac4053345a7ad85f14742141, type: 2}
      propertyPath: m_LocalRotation.x
      value: 0
      objectReference: {fileID: 0}
    - target: {fileID: 4690733724779158, guid: 32213a61ac4053345a7ad85f14742141, type: 2}
      propertyPath: m_LocalRotation.y
      value: 0
      objectReference: {fileID: 0}
    - target: {fileID: 4690733724779158, guid: 32213a61ac4053345a7ad85f14742141, type: 2}
      propertyPath: m_LocalRotation.z
      value: 0
      objectReference: {fileID: 0}
    - target: {fileID: 4690733724779158, guid: 32213a61ac4053345a7ad85f14742141, type: 2}
      propertyPath: m_LocalRotation.w
      value: 1
      objectReference: {fileID: 0}
    - target: {fileID: 4690733724779158, guid: 32213a61ac4053345a7ad85f14742141, type: 2}
      propertyPath: m_RootOrder
      value: 1
      objectReference: {fileID: 0}
    - target: {fileID: 1272354928147576, guid: 32213a61ac4053345a7ad85f14742141, type: 2}
      propertyPath: m_Name
      value: insect-1 (10)
      objectReference: {fileID: 0}
    m_RemovedComponents: []
  m_ParentPrefab: {fileID: 100100000, guid: 32213a61ac4053345a7ad85f14742141, type: 2}
  m_IsPrefabParent: 0
--- !u!1001 &1233640957
Prefab:
  m_ObjectHideFlags: 0
  serializedVersion: 2
  m_Modification:
    m_TransformParent: {fileID: 0}
    m_Modifications:
    - target: {fileID: 4346434421926260, guid: e201a1273172e3b4ab7c16bbae8b2282, type: 2}
      propertyPath: m_LocalPosition.x
      value: 791.0593
      objectReference: {fileID: 0}
    - target: {fileID: 4346434421926260, guid: e201a1273172e3b4ab7c16bbae8b2282, type: 2}
      propertyPath: m_LocalPosition.y
      value: -33.05962
      objectReference: {fileID: 0}
    - target: {fileID: 4346434421926260, guid: e201a1273172e3b4ab7c16bbae8b2282, type: 2}
      propertyPath: m_LocalPosition.z
      value: 0
      objectReference: {fileID: 0}
    - target: {fileID: 4346434421926260, guid: e201a1273172e3b4ab7c16bbae8b2282, type: 2}
      propertyPath: m_LocalRotation.x
      value: 0
      objectReference: {fileID: 0}
    - target: {fileID: 4346434421926260, guid: e201a1273172e3b4ab7c16bbae8b2282, type: 2}
      propertyPath: m_LocalRotation.y
      value: 0
      objectReference: {fileID: 0}
    - target: {fileID: 4346434421926260, guid: e201a1273172e3b4ab7c16bbae8b2282, type: 2}
      propertyPath: m_LocalRotation.z
      value: 0
      objectReference: {fileID: 0}
    - target: {fileID: 4346434421926260, guid: e201a1273172e3b4ab7c16bbae8b2282, type: 2}
      propertyPath: m_LocalRotation.w
      value: 1
      objectReference: {fileID: 0}
    - target: {fileID: 4346434421926260, guid: e201a1273172e3b4ab7c16bbae8b2282, type: 2}
      propertyPath: m_RootOrder
      value: 15
      objectReference: {fileID: 0}
    - target: {fileID: 1763561876733278, guid: e201a1273172e3b4ab7c16bbae8b2282, type: 2}
      propertyPath: m_Name
      value: block (5)
      objectReference: {fileID: 0}
    m_RemovedComponents: []
  m_ParentPrefab: {fileID: 100100000, guid: e201a1273172e3b4ab7c16bbae8b2282, type: 2}
  m_IsPrefabParent: 0
--- !u!1001 &1244689499
Prefab:
  m_ObjectHideFlags: 0
  serializedVersion: 2
  m_Modification:
    m_TransformParent: {fileID: 0}
    m_Modifications:
    - target: {fileID: 4346434421926260, guid: e201a1273172e3b4ab7c16bbae8b2282, type: 2}
      propertyPath: m_LocalPosition.x
      value: 626.9476
      objectReference: {fileID: 0}
    - target: {fileID: 4346434421926260, guid: e201a1273172e3b4ab7c16bbae8b2282, type: 2}
      propertyPath: m_LocalPosition.y
      value: -133.3493
      objectReference: {fileID: 0}
    - target: {fileID: 4346434421926260, guid: e201a1273172e3b4ab7c16bbae8b2282, type: 2}
      propertyPath: m_LocalPosition.z
      value: 0
      objectReference: {fileID: 0}
    - target: {fileID: 4346434421926260, guid: e201a1273172e3b4ab7c16bbae8b2282, type: 2}
      propertyPath: m_LocalRotation.x
      value: 0
      objectReference: {fileID: 0}
    - target: {fileID: 4346434421926260, guid: e201a1273172e3b4ab7c16bbae8b2282, type: 2}
      propertyPath: m_LocalRotation.y
      value: 0
      objectReference: {fileID: 0}
    - target: {fileID: 4346434421926260, guid: e201a1273172e3b4ab7c16bbae8b2282, type: 2}
      propertyPath: m_LocalRotation.z
      value: 0
      objectReference: {fileID: 0}
    - target: {fileID: 4346434421926260, guid: e201a1273172e3b4ab7c16bbae8b2282, type: 2}
      propertyPath: m_LocalRotation.w
      value: 1
      objectReference: {fileID: 0}
    - target: {fileID: 4346434421926260, guid: e201a1273172e3b4ab7c16bbae8b2282, type: 2}
      propertyPath: m_RootOrder
      value: 18
      objectReference: {fileID: 0}
    - target: {fileID: 1763561876733278, guid: e201a1273172e3b4ab7c16bbae8b2282, type: 2}
      propertyPath: m_Name
      value: block (2)
      objectReference: {fileID: 0}
    m_RemovedComponents: []
  m_ParentPrefab: {fileID: 100100000, guid: e201a1273172e3b4ab7c16bbae8b2282, type: 2}
  m_IsPrefabParent: 0
--- !u!1001 &1313962734
Prefab:
  m_ObjectHideFlags: 0
  serializedVersion: 2
  m_Modification:
    m_TransformParent: {fileID: 0}
    m_Modifications:
    - target: {fileID: 4346434421926260, guid: e201a1273172e3b4ab7c16bbae8b2282, type: 2}
      propertyPath: m_LocalPosition.x
      value: 634.4
      objectReference: {fileID: 0}
    - target: {fileID: 4346434421926260, guid: e201a1273172e3b4ab7c16bbae8b2282, type: 2}
      propertyPath: m_LocalPosition.y
      value: -160.9
      objectReference: {fileID: 0}
    - target: {fileID: 4346434421926260, guid: e201a1273172e3b4ab7c16bbae8b2282, type: 2}
      propertyPath: m_LocalPosition.z
      value: 0
      objectReference: {fileID: 0}
    - target: {fileID: 4346434421926260, guid: e201a1273172e3b4ab7c16bbae8b2282, type: 2}
      propertyPath: m_LocalRotation.x
      value: 0
      objectReference: {fileID: 0}
    - target: {fileID: 4346434421926260, guid: e201a1273172e3b4ab7c16bbae8b2282, type: 2}
      propertyPath: m_LocalRotation.y
      value: 0
      objectReference: {fileID: 0}
    - target: {fileID: 4346434421926260, guid: e201a1273172e3b4ab7c16bbae8b2282, type: 2}
      propertyPath: m_LocalRotation.z
      value: 0
      objectReference: {fileID: 0}
    - target: {fileID: 4346434421926260, guid: e201a1273172e3b4ab7c16bbae8b2282, type: 2}
      propertyPath: m_LocalRotation.w
      value: 1
      objectReference: {fileID: 0}
    - target: {fileID: 4346434421926260, guid: e201a1273172e3b4ab7c16bbae8b2282, type: 2}
      propertyPath: m_RootOrder
      value: 20
      objectReference: {fileID: 0}
    m_RemovedComponents: []
  m_ParentPrefab: {fileID: 100100000, guid: e201a1273172e3b4ab7c16bbae8b2282, type: 2}
  m_IsPrefabParent: 0
--- !u!1001 &1471810164
Prefab:
  m_ObjectHideFlags: 0
  serializedVersion: 2
  m_Modification:
    m_TransformParent: {fileID: 0}
    m_Modifications:
    - target: {fileID: 4346434421926260, guid: e201a1273172e3b4ab7c16bbae8b2282, type: 2}
      propertyPath: m_LocalPosition.x
      value: 787.09534
      objectReference: {fileID: 0}
    - target: {fileID: 4346434421926260, guid: e201a1273172e3b4ab7c16bbae8b2282, type: 2}
      propertyPath: m_LocalPosition.y
      value: 8.958942
      objectReference: {fileID: 0}
    - target: {fileID: 4346434421926260, guid: e201a1273172e3b4ab7c16bbae8b2282, type: 2}
      propertyPath: m_LocalPosition.z
      value: 0
      objectReference: {fileID: 0}
    - target: {fileID: 4346434421926260, guid: e201a1273172e3b4ab7c16bbae8b2282, type: 2}
      propertyPath: m_LocalRotation.x
      value: 0
      objectReference: {fileID: 0}
    - target: {fileID: 4346434421926260, guid: e201a1273172e3b4ab7c16bbae8b2282, type: 2}
      propertyPath: m_LocalRotation.y
      value: 0
      objectReference: {fileID: 0}
    - target: {fileID: 4346434421926260, guid: e201a1273172e3b4ab7c16bbae8b2282, type: 2}
      propertyPath: m_LocalRotation.z
      value: 0
      objectReference: {fileID: 0}
    - target: {fileID: 4346434421926260, guid: e201a1273172e3b4ab7c16bbae8b2282, type: 2}
      propertyPath: m_LocalRotation.w
      value: 1
      objectReference: {fileID: 0}
    - target: {fileID: 4346434421926260, guid: e201a1273172e3b4ab7c16bbae8b2282, type: 2}
      propertyPath: m_RootOrder
      value: 13
      objectReference: {fileID: 0}
    - target: {fileID: 1763561876733278, guid: e201a1273172e3b4ab7c16bbae8b2282, type: 2}
      propertyPath: m_Name
      value: block (7)
      objectReference: {fileID: 0}
    m_RemovedComponents: []
  m_ParentPrefab: {fileID: 100100000, guid: e201a1273172e3b4ab7c16bbae8b2282, type: 2}
  m_IsPrefabParent: 0
--- !u!1001 &1496927138
Prefab:
  m_ObjectHideFlags: 0
  serializedVersion: 2
  m_Modification:
    m_TransformParent: {fileID: 0}
    m_Modifications:
    - target: {fileID: 4346434421926260, guid: e201a1273172e3b4ab7c16bbae8b2282, type: 2}
      propertyPath: m_LocalPosition.x
      value: 618.06445
      objectReference: {fileID: 0}
    - target: {fileID: 4346434421926260, guid: e201a1273172e3b4ab7c16bbae8b2282, type: 2}
      propertyPath: m_LocalPosition.y
      value: 90.03386
      objectReference: {fileID: 0}
    - target: {fileID: 4346434421926260, guid: e201a1273172e3b4ab7c16bbae8b2282, type: 2}
      propertyPath: m_LocalPosition.z
      value: 0
      objectReference: {fileID: 0}
    - target: {fileID: 4346434421926260, guid: e201a1273172e3b4ab7c16bbae8b2282, type: 2}
      propertyPath: m_LocalRotation.x
      value: 0
      objectReference: {fileID: 0}
    - target: {fileID: 4346434421926260, guid: e201a1273172e3b4ab7c16bbae8b2282, type: 2}
      propertyPath: m_LocalRotation.y
      value: 0
      objectReference: {fileID: 0}
    - target: {fileID: 4346434421926260, guid: e201a1273172e3b4ab7c16bbae8b2282, type: 2}
      propertyPath: m_LocalRotation.z
      value: 0
      objectReference: {fileID: 0}
    - target: {fileID: 4346434421926260, guid: e201a1273172e3b4ab7c16bbae8b2282, type: 2}
      propertyPath: m_LocalRotation.w
      value: 1
      objectReference: {fileID: 0}
    - target: {fileID: 4346434421926260, guid: e201a1273172e3b4ab7c16bbae8b2282, type: 2}
      propertyPath: m_RootOrder
      value: 12
      objectReference: {fileID: 0}
    - target: {fileID: 1763561876733278, guid: e201a1273172e3b4ab7c16bbae8b2282, type: 2}
      propertyPath: m_Name
      value: block (8)
      objectReference: {fileID: 0}
    m_RemovedComponents: []
  m_ParentPrefab: {fileID: 100100000, guid: e201a1273172e3b4ab7c16bbae8b2282, type: 2}
  m_IsPrefabParent: 0
--- !u!1001 &1576693495
Prefab:
  m_ObjectHideFlags: 0
  serializedVersion: 2
  m_Modification:
    m_TransformParent: {fileID: 0}
    m_Modifications:
    - target: {fileID: 4346434421926260, guid: e201a1273172e3b4ab7c16bbae8b2282, type: 2}
      propertyPath: m_LocalPosition.x
      value: 550.83844
      objectReference: {fileID: 0}
    - target: {fileID: 4346434421926260, guid: e201a1273172e3b4ab7c16bbae8b2282, type: 2}
      propertyPath: m_LocalPosition.y
      value: -81.42072
      objectReference: {fileID: 0}
    - target: {fileID: 4346434421926260, guid: e201a1273172e3b4ab7c16bbae8b2282, type: 2}
      propertyPath: m_LocalPosition.z
      value: 0
      objectReference: {fileID: 0}
    - target: {fileID: 4346434421926260, guid: e201a1273172e3b4ab7c16bbae8b2282, type: 2}
      propertyPath: m_LocalRotation.x
      value: 0
      objectReference: {fileID: 0}
    - target: {fileID: 4346434421926260, guid: e201a1273172e3b4ab7c16bbae8b2282, type: 2}
      propertyPath: m_LocalRotation.y
      value: 0
      objectReference: {fileID: 0}
    - target: {fileID: 4346434421926260, guid: e201a1273172e3b4ab7c16bbae8b2282, type: 2}
      propertyPath: m_LocalRotation.z
      value: 0
      objectReference: {fileID: 0}
    - target: {fileID: 4346434421926260, guid: e201a1273172e3b4ab7c16bbae8b2282, type: 2}
      propertyPath: m_LocalRotation.w
      value: 1
      objectReference: {fileID: 0}
    - target: {fileID: 4346434421926260, guid: e201a1273172e3b4ab7c16bbae8b2282, type: 2}
      propertyPath: m_RootOrder
      value: 16
      objectReference: {fileID: 0}
    - target: {fileID: 1763561876733278, guid: e201a1273172e3b4ab7c16bbae8b2282, type: 2}
      propertyPath: m_Name
      value: block (4)
      objectReference: {fileID: 0}
    m_RemovedComponents: []
  m_ParentPrefab: {fileID: 100100000, guid: e201a1273172e3b4ab7c16bbae8b2282, type: 2}
  m_IsPrefabParent: 0
--- !u!1 &1850823178
GameObject:
  m_ObjectHideFlags: 0
  m_PrefabParentObject: {fileID: 0}
  m_PrefabInternal: {fileID: 0}
  serializedVersion: 5
  m_Component:
  - component: {fileID: 1850823183}
  - component: {fileID: 1850823182}
  - component: {fileID: 1850823181}
  - component: {fileID: 1850823180}
  - component: {fileID: 1850823179}
  m_Layer: 8
  m_Name: Camera
  m_TagString: Untagged
  m_Icon: {fileID: 0}
  m_NavMeshLayer: 0
  m_StaticEditorFlags: 0
  m_IsActive: 1
--- !u!81 &1850823179
AudioListener:
  m_ObjectHideFlags: 0
  m_PrefabParentObject: {fileID: 0}
  m_PrefabInternal: {fileID: 0}
  m_GameObject: {fileID: 1850823178}
  m_Enabled: 1
--- !u!92 &1850823180
Behaviour:
  m_ObjectHideFlags: 0
  m_PrefabParentObject: {fileID: 0}
  m_PrefabInternal: {fileID: 0}
  m_GameObject: {fileID: 1850823178}
  m_Enabled: 1
--- !u!124 &1850823181
Behaviour:
  m_ObjectHideFlags: 0
  m_PrefabParentObject: {fileID: 0}
  m_PrefabInternal: {fileID: 0}
  m_GameObject: {fileID: 1850823178}
  m_Enabled: 1
--- !u!20 &1850823182
Camera:
  m_ObjectHideFlags: 0
  m_PrefabParentObject: {fileID: 0}
  m_PrefabInternal: {fileID: 0}
  m_GameObject: {fileID: 1850823178}
  m_Enabled: 1
  serializedVersion: 2
  m_ClearFlags: 1
  m_BackGroundColor: {r: 0.19215687, g: 0.3019608, b: 0.4745098, a: 0}
  m_NormalizedViewPortRect:
    serializedVersion: 2
    x: 0
    y: 0
    width: 1
    height: 1
  near clip plane: 0.3
  far clip plane: 1000
  field of view: 60
  orthographic: 1
  orthographic size: 60.78
  m_Depth: 0
  m_CullingMask:
    serializedVersion: 2
    m_Bits: 4294967295
  m_RenderingPath: -1
  m_TargetTexture: {fileID: 0}
  m_TargetDisplay: 0
  m_TargetEye: 3
  m_HDR: 0
  m_AllowMSAA: 1
  m_ForceIntoRT: 0
  m_OcclusionCulling: 1
  m_StereoConvergence: 10
  m_StereoSeparation: 0.022
--- !u!4 &1850823183
Transform:
  m_ObjectHideFlags: 0
  m_PrefabParentObject: {fileID: 0}
  m_PrefabInternal: {fileID: 0}
  m_GameObject: {fileID: 1850823178}
  m_LocalRotation: {x: -0, y: -0, z: -0, w: 1}
  m_LocalPosition: {x: 0, y: 0, z: -10}
  m_LocalScale: {x: 1, y: 1, z: 0}
  m_Children: []
  m_Father: {fileID: 1853111086}
  m_RootOrder: 0
  m_LocalEulerAnglesHint: {x: 0, y: 0, z: 0}
--- !u!1 &1853111083
GameObject:
  m_ObjectHideFlags: 0
  m_PrefabParentObject: {fileID: 0}
  m_PrefabInternal: {fileID: 0}
  serializedVersion: 5
  m_Component:
  - component: {fileID: 1853111086}
  - component: {fileID: 1853111085}
  - component: {fileID: 1853111084}
  - component: {fileID: 1853111087}
  - component: {fileID: 1853111088}
  - component: {fileID: 1853111089}
  m_Layer: 8
  m_Name: Derrick
  m_TagString: Player
  m_Icon: {fileID: 0}
  m_NavMeshLayer: 0
  m_StaticEditorFlags: 0
  m_IsActive: 1
--- !u!114 &1853111084
MonoBehaviour:
  m_ObjectHideFlags: 0
  m_PrefabParentObject: {fileID: 0}
  m_PrefabInternal: {fileID: 0}
  m_GameObject: {fileID: 1853111083}
  m_Enabled: 1
  m_EditorHideFlags: 0
  m_Script: {fileID: 11500000, guid: 67f5cda0f664f7d4c91fb5ea7392c041, type: 3}
  m_Name: 
  m_EditorClassIdentifier: 
  speed: 30
  bullet: {fileID: 1312416528756280, guid: bcbff24f7a93c44889ccfeff245eada4, type: 2}
  jumpForce: 50
--- !u!212 &1853111085
SpriteRenderer:
  m_ObjectHideFlags: 0
  m_PrefabParentObject: {fileID: 0}
  m_PrefabInternal: {fileID: 0}
  m_GameObject: {fileID: 1853111083}
  m_Enabled: 1
  m_CastShadows: 0
  m_ReceiveShadows: 0
  m_DynamicOccludee: 1
  m_MotionVectors: 1
  m_LightProbeUsage: 0
  m_ReflectionProbeUsage: 0
  m_Materials:
  - {fileID: 10754, guid: 0000000000000000f000000000000000, type: 0}
  m_StaticBatchInfo:
    firstSubMesh: 0
    subMeshCount: 0
  m_StaticBatchRoot: {fileID: 0}
  m_ProbeAnchor: {fileID: 0}
  m_LightProbeVolumeOverride: {fileID: 0}
  m_ScaleInLightmap: 1
  m_PreserveUVs: 0
  m_IgnoreNormalsForChartDetection: 0
  m_ImportantGI: 0
  m_StitchLightmapSeams: 0
  m_SelectedEditorRenderState: 0
  m_MinimumChartSize: 4
  m_AutoUVMaxDistance: 0.5
  m_AutoUVMaxAngle: 89
  m_LightmapParameters: {fileID: 0}
  m_SortingLayerID: 0
  m_SortingLayer: 0
  m_SortingOrder: 0
  m_Sprite: {fileID: 21300000, guid: 5ea3144f71ff8934c9837319fd240f03, type: 3}
  m_Color: {r: 1, g: 1, b: 1, a: 1}
  m_FlipX: 0
  m_FlipY: 0
  m_DrawMode: 0
  m_Size: {x: 1, y: 1}
  m_AdaptiveModeThreshold: 0.5
  m_SpriteTileMode: 0
  m_WasSpriteAssigned: 1
  m_MaskInteraction: 0
--- !u!4 &1853111086
Transform:
  m_ObjectHideFlags: 0
  m_PrefabParentObject: {fileID: 0}
  m_PrefabInternal: {fileID: 0}
  m_GameObject: {fileID: 1853111083}
  m_LocalRotation: {x: 0, y: 0, z: 0, w: 1}
  m_LocalPosition: {x: -42, y: -6, z: -10}
  m_LocalScale: {x: 0.8, y: 0.8, z: 1}
  m_Children:
  - {fileID: 1850823183}
  m_Father: {fileID: 0}
  m_RootOrder: 0
  m_LocalEulerAnglesHint: {x: 0, y: 0, z: 0}
--- !u!50 &1853111087
Rigidbody2D:
  serializedVersion: 4
  m_ObjectHideFlags: 0
  m_PrefabParentObject: {fileID: 0}
  m_PrefabInternal: {fileID: 0}
  m_GameObject: {fileID: 1853111083}
  m_BodyType: 0
  m_Simulated: 1
  m_UseFullKinematicContacts: 0
  m_UseAutoMass: 0
  m_Mass: 50
  m_LinearDrag: 0
  m_AngularDrag: 0.05
  m_GravityScale: 10
  m_Material: {fileID: 0}
  m_Interpolate: 0
  m_SleepingMode: 1
  m_CollisionDetection: 0
  m_Constraints: 4
--- !u!61 &1853111088
BoxCollider2D:
  m_ObjectHideFlags: 0
  m_PrefabParentObject: {fileID: 0}
  m_PrefabInternal: {fileID: 0}
  m_GameObject: {fileID: 1853111083}
  m_Enabled: 1
  m_Density: 1
  m_Material: {fileID: 0}
  m_IsTrigger: 0
  m_UsedByEffector: 0
  m_UsedByComposite: 0
  m_Offset: {x: -0.8, y: 2}
  m_SpriteTilingProperty:
    border: {x: 0, y: 0, z: 0, w: 0}
    pivot: {x: 0.5, y: 0.5}
    oldSize: {x: 13.31, y: 17.57}
    newSize: {x: 1, y: 1}
    adaptiveTilingThreshold: 0.5
    drawMode: 0
    adaptiveTiling: 0
  m_AutoTiling: 0
  serializedVersion: 2
  m_Size: {x: 6.42, y: 12.77}
  m_EdgeRadius: 0
--- !u!58 &1853111089
CircleCollider2D:
  m_ObjectHideFlags: 0
  m_PrefabParentObject: {fileID: 0}
  m_PrefabInternal: {fileID: 0}
  m_GameObject: {fileID: 1853111083}
  m_Enabled: 1
  m_Density: 1
  m_Material: {fileID: 0}
  m_IsTrigger: 0
  m_UsedByEffector: 0
  m_UsedByComposite: 0
  m_Offset: {x: -0.88, y: -6.29}
  serializedVersion: 2
  m_Radius: 3.21
--- !u!1001 &1908320091
Prefab:
  m_ObjectHideFlags: 0
  serializedVersion: 2
  m_Modification:
    m_TransformParent: {fileID: 0}
    m_Modifications:
    - target: {fileID: 4690733724779158, guid: 32213a61ac4053345a7ad85f14742141, type: 2}
      propertyPath: m_LocalPosition.x
      value: 595.7
      objectReference: {fileID: 0}
    - target: {fileID: 4690733724779158, guid: 32213a61ac4053345a7ad85f14742141, type: 2}
      propertyPath: m_LocalPosition.y
      value: -182.3
      objectReference: {fileID: 0}
    - target: {fileID: 4690733724779158, guid: 32213a61ac4053345a7ad85f14742141, type: 2}
      propertyPath: m_LocalPosition.z
      value: 0
      objectReference: {fileID: 0}
    - target: {fileID: 4690733724779158, guid: 32213a61ac4053345a7ad85f14742141, type: 2}
      propertyPath: m_LocalRotation.x
      value: 0
      objectReference: {fileID: 0}
    - target: {fileID: 4690733724779158, guid: 32213a61ac4053345a7ad85f14742141, type: 2}
      propertyPath: m_LocalRotation.y
      value: 0
      objectReference: {fileID: 0}
    - target: {fileID: 4690733724779158, guid: 32213a61ac4053345a7ad85f14742141, type: 2}
      propertyPath: m_LocalRotation.z
      value: 0
      objectReference: {fileID: 0}
    - target: {fileID: 4690733724779158, guid: 32213a61ac4053345a7ad85f14742141, type: 2}
      propertyPath: m_LocalRotation.w
      value: 1
      objectReference: {fileID: 0}
    - target: {fileID: 4690733724779158, guid: 32213a61ac4053345a7ad85f14742141, type: 2}
      propertyPath: m_RootOrder
      value: 22
      objectReference: {fileID: 0}
    m_RemovedComponents: []
  m_ParentPrefab: {fileID: 100100000, guid: 32213a61ac4053345a7ad85f14742141, type: 2}
  m_IsPrefabParent: 0
--- !u!1 &1978465564
GameObject:
  m_ObjectHideFlags: 0
  m_PrefabParentObject: {fileID: 0}
  m_PrefabInternal: {fileID: 0}
  serializedVersion: 5
  m_Component:
  - component: {fileID: 1978465567}
  - component: {fileID: 1978465566}
  - component: {fileID: 1978465565}
  - component: {fileID: 1978465568}
  m_Layer: 9
  m_Name: dalmorr-concept
  m_TagString: Ground
  m_Icon: {fileID: 0}
  m_NavMeshLayer: 0
  m_StaticEditorFlags: 0
  m_IsActive: 1
--- !u!60 &1978465565
PolygonCollider2D:
  m_ObjectHideFlags: 0
  m_PrefabParentObject: {fileID: 0}
  m_PrefabInternal: {fileID: 0}
  m_GameObject: {fileID: 1978465564}
  m_Enabled: 1
  m_Density: 1
  m_Material: {fileID: 0}
  m_IsTrigger: 0
  m_UsedByEffector: 0
  m_UsedByComposite: 0
  m_Offset: {x: 0, y: 0}
  m_SpriteTilingProperty:
    border: {x: 0, y: 0, z: 0, w: 0}
    pivot: {x: 0.5, y: 0.5}
    oldSize: {x: 140, y: 72.920006}
    newSize: {x: 140, y: 72.92}
    adaptiveTilingThreshold: 0.5
    drawMode: 0
    adaptiveTiling: 0
  m_AutoTiling: 0
  m_Points:
    m_Paths:
    - - {x: 8.739636, y: -24.621485}
      - {x: 8.406214, y: -18.371191}
      - {x: 8.0231695, y: -17.767643}
      - {x: 7.4480715, y: -17.768116}
      - {x: 5.3941956, y: -17.769255}
      - {x: 1.8840576, y: -17.839825}
      - {x: 0.4631714, y: -17.84912}
      - {x: -2.1216981, y: -17.786581}
      - {x: -3.399817, y: -17.8648}
      - {x: -3.5195985, y: -17.836666}
      - {x: -4.2148623, y: -18.184128}
      - {x: -4.6801453, y: -18.694635}
      - {x: -4.1221924, y: -18.501291}
      - {x: -3.6411254, y: -18.574488}
      - {x: -2.495746, y: -18.51909}
      - {x: -0.39802858, y: -18.676443}
      - {x: 0.59097904, y: -18.617376}
      - {x: 1.2962891, y: -18.521666}
      - {x: 2.1296937, y: -18.51342}
      - {x: 2.633258, y: -18.658644}
      - {x: 3.8637207, y: -18.612494}
      - {x: 5.3604617, y: -19.424376}
      - {x: 5.1646, y: -22.043064}
      - {x: 5.152551, y: -31.420069}
      - {x: 5.183038, y: -30.319733}
      - {x: 4.131836, y: -30.434412}
      - {x: 3.4151185, y: -31.32611}
      - {x: 3.2352784, y: -31.438871}
      - {x: 2.3418396, y: -31.745955}
      - {x: 0.82797855, y: -32.078655}
      - {x: -2.151941, y: -32.077503}
      - {x: -3.613861, y: -32.04515}
      - {x: -8.087763, y: -32.078938}
      - {x: -9.018885, y: -32.09155}
      - {x: -10.942057, y: -31.738745}
      - {x: -9.610663, y: -32.158333}
      - {x: -10.670319, y: -31.623962}
      - {x: -11.211148, y: -31.203363}
      - {x: -12.160968, y: -30.719366}
      - {x: -12.375717, y: -30.370733}
      - {x: -13.572089, y: -28.196323}
      - {x: -14.380908, y: -26.663574}
      - {x: -14.784662, y: -25.956915}
      - {x: -15.486213, y: -24.826122}
      - {x: -15.977945, y: -23.655357}
      - {x: -16.79517, y: -21.823841}
      - {x: -18.130941, y: -19.33496}
      - {x: -18.683393, y: -18.381357}
      - {x: -19.146254, y: -17.568823}
      - {x: -19.862339, y: -16.271122}
      - {x: -20.625494, y: -14.981247}
      - {x: -21.165619, y: -13.79565}
      - {x: -22.941837, y: -10.480784}
      - {x: -23.675108, y: -9.333526}
      - {x: -26.402576, y: -5.2719154}
      - {x: -26.51473, y: -5.1811447}
      - {x: -27.77539, y: -4.340721}
      - {x: -28.188923, y: -4.208505}
      - {x: -29.791382, y: -4.1222367}
      - {x: -31.226927, y: -4.1581535}
      - {x: -32.697216, y: -4.777939}
      - {x: -34.245895, y: -6.474542}
      - {x: -35.14465, y: -7.4069123}
      - {x: -36.663136, y: -8.888407}
      - {x: -38.37995, y: -10.291463}
      - {x: -39.45129, y: -11.149844}
      - {x: -40.476727, y: -11.802122}
      - {x: -41.30712, y: -12.781565}
      - {x: -42.211452, y: -13.534594}
      - {x: -42.882713, y: -13.907756}
      - {x: -43.678364, y: -14.250679}
      - {x: -43.857655, y: -14.317912}
      - {x: -44.26791, y: -14.683246}
      - {x: -45.525295, y: -15.271518}
      - {x: -47.086304, y: -15.326421}
      - {x: -48.446827, y: -15.18487}
      - {x: -49.633183, y: -15.051332}
      - {x: -49.598583, y: -15.038032}
      - {x: -49.801647, y: -15.077853}
      - {x: -50.98307, y: -15.118176}
      - {x: -51.874702, y: -15.316774}
      - {x: -52.906338, y: -15.103435}
      - {x: -54.11562, y: -15.07677}
      - {x: -55.41554, y: -14.773172}
      - {x: -56.47276, y: -14.6821165}
      - {x: -57.68037, y: -14.776792}
      - {x: -58.877064, y: -15.06933}
      - {x: -60.059143, y: -15.093066}
      - {x: -61.496376, y: -15.029032}
      - {x: -60.891644, y: -15.026046}
      - {x: -62.069134, y: -15.010364}
      - {x: -62.729855, y: -15.007365}
      - {x: -64.112114, y: -15.022148}
      - {x: -67.437706, y: -15.013877}
      - {x: -69.87791, y: -15.010019}
      - {x: -69.293274, y: -15.531501}
      - {x: -69.83058, y: -15.608896}
      - {x: -69.91009, y: -15.616332}
      - {x: -69.86328, y: -14.458008}
      - {x: -69.91243, y: -15.454645}
      - {x: -70, y: -36.469727}
      - {x: 9.091797, y: -36.469727}
      - {x: 9.160156, y: -34.487305}
    - - {x: 11.504163, y: -23.185614}
      - {x: 11.722175, y: -20.867609}
      - {x: 11.339032, y: -19.73649}
      - {x: 11.747339, y: -18.949623}
      - {x: 11.587671, y: -17.806107}
      - {x: 10.068018, y: -17.844275}
      - {x: 10.465198, y: -18.68439}
      - {x: 10.160028, y: -19.78977}
      - {x: 10.621808, y: -20.882456}
      - {x: 10.239148, y: -22.510227}
      - {x: 9.775391, y: -32.70996}
      - {x: 9.707031, y: -32.9834}
      - {x: 9.707031, y: -34.00879}
      - {x: 9.84375, y: -36.469727}
      - {x: 11.894531, y: -36.469727}
      - {x: 11.894531, y: -33.94043}
    - - {x: 14.354731, y: -17.916887}
      - {x: 13.361737, y: -17.968864}
      - {x: 13.250415, y: -18.017138}
      - {x: 12.91648, y: -18.463366}
      - {x: 12.888221, y: -19.060299}
      - {x: 12.780652, y: -22.279974}
      - {x: 13.051618, y: -25.02822}
      - {x: 12.646484, y: -35.649414}
      - {x: 12.714844, y: -36.469727}
      - {x: 14.765625, y: -36.469727}
      - {x: 14.457575, y: -25.437714}
      - {x: 14.464398, y: -19.392382}
      - {x: 14.862665, y: -18.603785}
    - - {x: 65.78291, y: 1.5271438}
      - {x: 63.39353, y: 1.6565659}
      - {x: 61.45873, y: 1.7812119}
      - {x: 59.81332, y: 2.5664322}
      - {x: 58.936718, y: 2.7927048}
      - {x: 58.08861, y: 2.5247376}
      - {x: 56.875, y: 2.0842683}
      - {x: 55.81515, y: 1.7857713}
      - {x: 55.236206, y: 1.7479432}
      - {x: 52.92892, y: 2.1044738}
      - {x: 50.875793, y: 1.5132446}
      - {x: 49.091152, y: 1.0939697}
      - {x: 48.06393, y: 1.4756378}
      - {x: 45.98535, y: 3.0848176}
      - {x: 45.06399, y: 3.7709672}
      - {x: 44.42405, y: 3.937268}
      - {x: 43.35808, y: 3.891925}
      - {x: 42.815968, y: 3.4830978}
      - {x: 41.890137, y: 2.2757096}
      - {x: 40.105762, y: 0.9221603}
      - {x: 38.64015, y: 2.6172454}
      - {x: 37.504017, y: 2.449083}
      - {x: 35.75403, y: 2.0389268}
      - {x: 33.88462, y: 1.7249253}
      - {x: 32.38801, y: 1.7508987}
      - {x: 31.163702, y: 1.8149185}
      - {x: 29.195618, y: 2.4780107}
      - {x: 28.053614, y: 2.7529511}
      - {x: 25.34934, y: 1.9290421}
      - {x: 22.173634, y: 0.4922989}
      - {x: 19.667114, y: 0.5954361}
      - {x: 17.694294, y: 0.24884644}
      - {x: 16.002485, y: -0.8741829}
      - {x: 14.3159, y: -1.7863442}
      - {x: 13.005096, y: -1.6784127}
      - {x: 11.280573, y: -1.7609558}
      - {x: 7.7116942, y: -2.252488}
      - {x: 5.345203, y: -2.2946947}
      - {x: 2.256128, y: -2.2732828}
      - {x: 0.41015625, y: -2.3583984}
      - {x: 5.3828797, y: -2.6918175}
      - {x: 4.5161133, y: -2.375155}
      - {x: 5.4251285, y: -2.7847764}
      - {x: 8.343964, y: -4.1733766}
      - {x: 8.985003, y: -4.583801}
      - {x: 9.809436, y: -4.690596}
      - {x: 10.445813, y: -5.079072}
      - {x: 11.27052, y: -5.0873184}
      - {x: 12.000793, y: -5.8181243}
      - {x: 13.213971, y: -6.206868}
      - {x: 14.273944, y: -6.506107}
      - {x: 15.098376, y: -6.988478}
      - {x: 16.908674, y: -7.3114944}
      - {x: 17.089844, y: -10.698242}
      - {x: 17.158203, y: -12.612305}
      - {x: 17.158203, y: -18.764648}
      - {x: 17.021484, y: -20.473633}
      - {x: 17.158203, y: -24.780273}
      - {x: 17.226562, y: -27.924805}
      - {x: 17.158203, y: -27.993164}
      - {x: 17.021484, y: -30.864258}
      - {x: 17.021484, y: -35.03418}
      - {x: 17.089844, y: -36.469727}
      - {x: 70, y: -36.469727}
      - {x: 70.017555, y: 1.4975235}
      - {x: 69.4235, y: 1.4902283}
    - - {x: -8.584607, y: -26.034687}
      - {x: -6.721228, y: -26.232813}
      - {x: -5.4803405, y: -26.252127}
      - {x: -4.697876, y: -26.27066}
      - {x: -3.8543885, y: -26.219297}
      - {x: -3.095099, y: -26.213892}
      - {x: -2.6617677, y: -26.267963}
      - {x: -0.7477051, y: -26.23822}
      - {x: 0.41239014, y: -26.126724}
      - {x: 0.571521, y: -25.760279}
      - {x: 0.07628174, y: -25.178305}
      - {x: -1.1081543, y: -25.316946}
      - {x: -5.3903933, y: -25.334259}
      - {x: -7.6607604, y: -25.302624}
      - {x: -8.1864195, y: -25.018269}
      - {x: -8.8071165, y: -24.260971}
      - {x: -8.784021, y: -24.287207}
      - {x: -8.772577, y: -20.415482}
      - {x: -7.9105105, y: -19.58496}
      - {x: -7.6384215, y: -19.472607}
      - {x: -8.55119, y: -19.538742}
      - {x: -10.138855, y: -19.402458}
      - {x: -10.977069, y: -19.397635}
      - {x: -12.415964, y: -19.206017}
      - {x: -12.448031, y: -19.34126}
      - {x: -11.932053, y: -19.259007}
      - {x: -12.837354, y: -18.441654}
      - {x: -12.896588, y: -16.879269}
      - {x: -12.665671, y: -14.527648}
      - {x: -11.541168, y: -14.176192}
      - {x: -10.601356, y: -14.015866}
      - {x: -9.4094, y: -13.928874}
      - {x: -8.385211, y: -13.95535}
      - {x: -7.7289124, y: -14.048584}
      - {x: -6.4983277, y: -14.171738}
      - {x: -5.73194, y: -14.126128}
      - {x: -4.9930544, y: -14.155991}
      - {x: -2.5857606, y: -14.170188}
      - {x: 0.36987916, y: -14.473056}
      - {x: 1.2579774, y: -14.509999}
      - {x: 1.7558717, y: -14.525321}
      - {x: 1.5548524, y: -13.02037}
      - {x: 1.6008118, y: -12.200057}
      - {x: 1.7854614, y: -11.72154}
      - {x: 1.8336182, y: -11.019142}
      - {x: 2.8320496, y: -10.720728}
      - {x: 3.7375488, y: -10.594527}
      - {x: 5.071527, y: -10.6292515}
      - {x: 6.5167727, y: -10.839496}
      - {x: 6.8796754, y: -12.008013}
      - {x: 6.9316287, y: -13.164645}
      - {x: 7.0273376, y: -14.359563}
      - {x: 5.5179687, y: -14.310348}
      - {x: 5.0996094, y: -14.425186}
      - {x: 5.161426, y: -14.631671}
      - {x: 5.329291, y: -14.709575}
      - {x: 7.735541, y: -14.72598}
      - {x: 7.8526125, y: -14.67782}
      - {x: 10.415222, y: -14.496295}
      - {x: 12.73938, y: -14.447385}
      - {x: 12.704285, y: -11.1107645}
      - {x: 12.465662, y: -10.931205}
      - {x: 10.219092, y: -10.472377}
      - {x: 7.3259463, y: -8.942952}
      - {x: 5.730359, y: -7.9904838}
      - {x: 4.1442323, y: -6.96746}
      - {x: 2.5163696, y: -6.3059196}
      - {x: 1.7864685, y: -5.9119873}
      - {x: 0.66027224, y: -5.5771194}
      - {x: -0.44277343, y: -4.9653497}
      - {x: -0.9861817, y: -3.6977012}
      - {x: -1.9443177, y: -2.560012}
      - {x: -2.3521059, y: -2.3897476}
      - {x: -3.8097045, y: -2.4059708}
      - {x: -5.2753296, y: -2.356202}
      - {x: -6.832471, y: -2.4083374}
      - {x: -7.4303894, y: -2.483626}
      - {x: -8.117157, y: -2.460698}
      - {x: -9.785248, y: -2.3235612}
      - {x: -11.6308565, y: -2.435396}
      - {x: -13.2913885, y: -2.3782105}
      - {x: -15.323483, y: -2.610614}
      - {x: -16.921896, y: -2.556832}
      - {x: -19.187574, y: -2.6031952}
      - {x: -19.797956, y: -2.5348961}
      - {x: -20.266047, y: -2.6233385}
      - {x: -20.64144, y: -2.7716446}
      - {x: -20.892866, y: -3.0304062}
      - {x: -21.265173, y: -3.7475998}
      - {x: -21.303022, y: -4.497623}
      - {x: -19.355362, y: -5.587124}
      - {x: -18.747461, y: -6.682033}
      - {x: -16.893263, y: -11.33047}
      - {x: -15.176941, y: -14.930344}
      - {x: -14.972205, y: -15.39384}
      - {x: -13.17443, y: -19.095257}
      - {x: -12.193458, y: -20.690298}
      - {x: -11.838916, y: -21.194304}
      - {x: -11.117475, y: -22.773909}
      - {x: -10.115259, y: -24.89073}
--- !u!212 &1978465566
SpriteRenderer:
  m_ObjectHideFlags: 0
  m_PrefabParentObject: {fileID: 0}
  m_PrefabInternal: {fileID: 0}
  m_GameObject: {fileID: 1978465564}
  m_Enabled: 1
  m_CastShadows: 0
  m_ReceiveShadows: 0
  m_DynamicOccludee: 1
  m_MotionVectors: 1
  m_LightProbeUsage: 1
  m_ReflectionProbeUsage: 1
  m_Materials:
  - {fileID: 10754, guid: 0000000000000000f000000000000000, type: 0}
  m_StaticBatchInfo:
    firstSubMesh: 0
    subMeshCount: 0
  m_StaticBatchRoot: {fileID: 0}
  m_ProbeAnchor: {fileID: 0}
  m_LightProbeVolumeOverride: {fileID: 0}
  m_ScaleInLightmap: 1
  m_PreserveUVs: 0
  m_IgnoreNormalsForChartDetection: 0
  m_ImportantGI: 0
  m_StitchLightmapSeams: 0
  m_SelectedEditorRenderState: 0
  m_MinimumChartSize: 4
  m_AutoUVMaxDistance: 0.5
  m_AutoUVMaxAngle: 89
  m_LightmapParameters: {fileID: 0}
  m_SortingLayerID: 0
  m_SortingLayer: 0
  m_SortingOrder: 0
  m_Sprite: {fileID: 21300000, guid: df097729b3dc3354c8739db22f8d877a, type: 3}
  m_Color: {r: 1, g: 1, b: 1, a: 1}
  m_FlipX: 0
  m_FlipY: 0
  m_DrawMode: 0
  m_Size: {x: 140, y: 72.92}
  m_AdaptiveModeThreshold: 0.5
  m_SpriteTileMode: 0
  m_WasSpriteAssigned: 1
  m_MaskInteraction: 0
--- !u!4 &1978465567
Transform:
  m_ObjectHideFlags: 0
  m_PrefabParentObject: {fileID: 0}
  m_PrefabInternal: {fileID: 0}
  m_GameObject: {fileID: 1978465564}
  m_LocalRotation: {x: 0, y: 0, z: 0, w: 1}
  m_LocalPosition: {x: 620, y: 135, z: 0}
  m_LocalScale: {x: 10, y: 10, z: 1}
  m_Children: []
  m_Father: {fileID: 0}
  m_RootOrder: 21
  m_LocalEulerAnglesHint: {x: 0, y: 0, z: 0}
--- !u!82 &1978465568
AudioSource:
  m_ObjectHideFlags: 0
  m_PrefabParentObject: {fileID: 0}
  m_PrefabInternal: {fileID: 0}
  m_GameObject: {fileID: 1978465564}
  m_Enabled: 1
  serializedVersion: 4
  OutputAudioMixerGroup: {fileID: 0}
  m_audioClip: {fileID: 8300000, guid: 59fe9426f72f3804f8632c7b58b29de7, type: 3}
  m_PlayOnAwake: 1
  m_Volume: 1
  m_Pitch: 1
  Loop: 1
  Mute: 0
  Spatialize: 0
  SpatializePostEffects: 0
  Priority: 128
  DopplerLevel: 1
  MinDistance: 1
  MaxDistance: 500
  Pan2D: 0
  rolloffMode: 0
  BypassEffects: 0
  BypassListenerEffects: 0
  BypassReverbZones: 0
  rolloffCustomCurve:
    serializedVersion: 2
    m_Curve:
    - serializedVersion: 2
      time: 0
      value: 1
      inSlope: 0
      outSlope: 0
      tangentMode: 0
    - serializedVersion: 2
      time: 1
      value: 0
      inSlope: 0
      outSlope: 0
      tangentMode: 0
    m_PreInfinity: 2
    m_PostInfinity: 2
    m_RotationOrder: 4
  panLevelCustomCurve:
    serializedVersion: 2
    m_Curve:
    - serializedVersion: 2
      time: 0
      value: 0
      inSlope: 0
      outSlope: 0
      tangentMode: 0
    m_PreInfinity: 2
    m_PostInfinity: 2
    m_RotationOrder: 0
  spreadCustomCurve:
    serializedVersion: 2
    m_Curve:
    - serializedVersion: 2
      time: 0
      value: 0
      inSlope: 0
      outSlope: 0
      tangentMode: 0
    m_PreInfinity: 2
    m_PostInfinity: 2
    m_RotationOrder: 4
  reverbZoneMixCustomCurve:
    serializedVersion: 2
    m_Curve:
    - serializedVersion: 2
      time: 0
      value: 1
      inSlope: 0
      outSlope: 0
      tangentMode: 0
    m_PreInfinity: 2
    m_PostInfinity: 2
    m_RotationOrder: 0
--- !u!1001 &2003129632
Prefab:
  m_ObjectHideFlags: 0
  serializedVersion: 2
  m_Modification:
    m_TransformParent: {fileID: 0}
    m_Modifications:
    - target: {fileID: 4690733724779158, guid: 32213a61ac4053345a7ad85f14742141, type: 2}
      propertyPath: m_LocalPosition.x
      value: 930.8968
      objectReference: {fileID: 0}
    - target: {fileID: 4690733724779158, guid: 32213a61ac4053345a7ad85f14742141, type: 2}
      propertyPath: m_LocalPosition.y
      value: 160.63835
      objectReference: {fileID: 0}
    - target: {fileID: 4690733724779158, guid: 32213a61ac4053345a7ad85f14742141, type: 2}
      propertyPath: m_LocalPosition.z
      value: 0
      objectReference: {fileID: 0}
    - target: {fileID: 4690733724779158, guid: 32213a61ac4053345a7ad85f14742141, type: 2}
      propertyPath: m_LocalRotation.x
      value: 0
      objectReference: {fileID: 0}
    - target: {fileID: 4690733724779158, guid: 32213a61ac4053345a7ad85f14742141, type: 2}
      propertyPath: m_LocalRotation.y
      value: 0
      objectReference: {fileID: 0}
    - target: {fileID: 4690733724779158, guid: 32213a61ac4053345a7ad85f14742141, type: 2}
      propertyPath: m_LocalRotation.z
      value: 0
      objectReference: {fileID: 0}
    - target: {fileID: 4690733724779158, guid: 32213a61ac4053345a7ad85f14742141, type: 2}
      propertyPath: m_LocalRotation.w
      value: 1
      objectReference: {fileID: 0}
    - target: {fileID: 4690733724779158, guid: 32213a61ac4053345a7ad85f14742141, type: 2}
      propertyPath: m_RootOrder
      value: 4
      objectReference: {fileID: 0}
    - target: {fileID: 1272354928147576, guid: 32213a61ac4053345a7ad85f14742141, type: 2}
      propertyPath: m_Name
      value: insect-1 (7)
      objectReference: {fileID: 0}
    m_RemovedComponents: []
  m_ParentPrefab: {fileID: 100100000, guid: 32213a61ac4053345a7ad85f14742141, type: 2}
  m_IsPrefabParent: 0
